; gullak:payee_map Swiggy=Expenses:Food:Delivery|Assets:Bank:HDFC:UPI
; gullak:payee_map Zomato=Expenses:Food:Delivery|Assets:Bank:HDFC:UPI
; gullak:payee_map BigBasket=Expenses:Food:Groceries|Assets:Bank:HDFC:UPI
; gullak:payee_map Zepto=Expenses:Food:Groceries|Assets:Bank:HDFC:UPI
; gullak:payee_map Uber=Expenses:Transport:Rides|Assets:Bank:HDFC:UPI
; gullak:payee_map Ola=Expenses:Transport:Rides|Assets:Bank:HDFC:UPI
; gullak:payee_map Netflix=Expenses:Entertainment:Streaming|Assets:Bank:HDFC
; gullak:payee_map Spotify=Expenses:Entertainment:Music|Assets:Bank:HDFC
; gullak:payee_map ACT Fibernet=Expenses:Utilities:Internet|Assets:Bank:HDFC
; gullak:payee_map Airtel=Expenses:Utilities:Mobile|Assets:Bank:HDFC:UPI
; gullak:payee_map Shell=Expenses:Transport:Fuel|Liabilities:CreditCard:HDFC
; gullak:payee_map Amazon=Expenses:Shopping:Online|Liabilities:CreditCard:HDFC
; gullak:payee_map Cult.fit=Expenses:Health:Fitness|Assets:Bank:HDFC:UPI



~ Monthly from 2026-02-01 to 2026-04-01
    ; gullak:budget
    Expenses:Food  15000 INR
    Expenses:Transport  5000 INR
    Expenses:Entertainment  3000 INR
    Expenses:Utilities  5000 INR
    Expenses:Shopping  8000 INR
    Expenses:Health  3000 INR
    Expenses:Housing  27000 INR
    Assets:Bank:HDFC



2026/02/01 Landlord - Rent
    ; gullak:id 147b762f
    ; gullak:source whatsapp
    ; gullak:user Karan
    Expenses:Housing:Rent  25000.00 INR
    Assets:Bank:HDFC  -25000.00 INR

2026/02/01 TechCorp India
    ; gullak:id 55f94859
    ; gullak:source web
    ; gullak:user Karan
    Income:Salary  -150000.00 INR
    Assets:Bank:HDFC  150000.00 INR

2026/02/01 Cult.fit
    ; gullak:id 60958c78
    ; gullak:source whatsapp
    Expenses:Health:Fitness  1500.00 INR
    Assets:Bank:HDFC:UPI  -1500.00 INR

2026/02/01 Swiggy
    ; gullak:id a8eaa3b4
    ; gullak:source whatsapp
    ; gullak:user Karan
    Expenses:Food:Delivery  314.00 INR
    Assets:Bank:HDFC:UPI  -314.00 INR

2026/02/01 Chai Point
    ; gullak:id 51d36387
    ; gullak:source whatsapp
    ; gullak:user Karan
    Expenses:Food:Snacks  77.00 INR
    Assets:Cash  -77.00 INR

2026/02/02 Vidyarthi Bhavan
    ; gullak:id ea145bf0
    ; gullak:source whatsapp
    ; gullak:user Karan
    Expenses:Food:Restaurants  173.00 INR
    Assets:Cash  -173.00 INR

2026/02/02 Swiggy
    ; gullak:id c00c09cd
    ; gullak:source whatsapp
    ; gullak:user Karan
    Expenses:Food:Delivery  319.00 INR
    Assets:Bank:HDFC:UPI  -319.00 INR

2026/02/03 Ola
    ; gullak:id 74a3628f
    ; gullak:source web
    ; gullak:user Karan
    Expenses:Transport:Rides  309.00 INR
    Assets:Bank:HDFC:UPI  -309.00 INR

2026/02/03 Ola
    ; gullak:id dcebf016
    ; gullak:source whatsapp
    ; gullak:user Karan
    Expenses:Transport:Rides  83.00 INR
    Assets:Bank:HDFC:UPI  -83.00 INR

2026/02/03 Chai Point
    ; gullak:id 01122208
    ; gullak:source web
    ; gullak:user Karan
    Expenses:Food:Snacks  74.00 INR
    Assets:Cash  -74.00 INR

2026/02/04 Chai Point
    ; gullak:id e4b5064c
    ; gullak:source whatsapp
    ; gullak:user Karan
    Expenses:Food:Snacks  54.00 INR
    Assets:Cash  -54.00 INR

2026/02/04 Third Wave Coffee
    ; gullak:id 6f44778a
    ; gullak:source web
    ; gullak:user Karan
    Expenses:Food:Coffee  271.00 INR
    Assets:Bank:HDFC:UPI  -271.00 INR

2026/02/04 Rapido
    ; gullak:id 9bfd8127
    ; gullak:source whatsapp
    ; gullak:user Karan
    Expenses:Transport:Rides  117.00 INR
    Assets:Bank:HDFC:UPI  -117.00 INR

2026/02/04 Zomato
    ; gullak:id b89ed464
    ; gullak:source web
    ; gullak:user Karan
    Expenses:Food:Delivery  623.00 INR
    Assets:Bank:HDFC:UPI  -623.00 INR

2026/02/05 ACT Fibernet
    ; gullak:id 4aa197e0
    ; gullak:source whatsapp
    Expenses:Utilities:Internet  1100.00 INR
    Assets:Bank:HDFC  -1100.00 INR

2026/02/05 Toni & Guy
    ; gullak:id 7be4aae1
    ; gullak:source web
    ; gullak:user Karan
    Expenses:PersonalCare:Grooming  1065.00 INR
    Assets:Bank:HDFC:UPI  -1065.00 INR

2026/02/05 Chai Point
    ; gullak:id 56ff7a48
    ; gullak:source web
    ; gullak:user Karan
    Expenses:Food:Snacks  70.00 INR
    Assets:Cash  -70.00 INR

2026/02/06 Ola
    ; gullak:id 2b444703
    ; gullak:source whatsapp
    ; gullak:user Karan
    Expenses:Transport:Rides  228.00 INR
    Assets:Bank:HDFC:UPI  -228.00 INR

2026/02/06 Swiggy
    ; gullak:id 081a5a47
    ; gullak:source whatsapp
    ; gullak:user Karan
    Expenses:Food:Delivery  319.00 INR
    Assets:Bank:HDFC:UPI  -319.00 INR

2026/02/06 Third Wave Coffee
    ; gullak:id 11d2c29d
    ; gullak:source web
    ; gullak:user Karan
    Expenses:Food:Coffee  277.00 INR
    Assets:Bank:HDFC:UPI  -277.00 INR

2026/02/07 Airtel Prepaid
    ; gullak:id eec5e382
    ; gullak:source whatsapp
    Expenses:Utilities:Mobile  599.00 INR
    Assets:Bank:HDFC:UPI  -599.00 INR

2026/02/07 Uber
    ; gullak:id fa6954b7
    ; gullak:source whatsapp
    ; gullak:user Karan
    Expenses:Transport:Rides  449.00 INR
    Assets:Bank:HDFC:UPI  -449.00 INR

2026/02/07 Chai Point
    ; gullak:id 4f83144f
    ; gullak:source whatsapp
    ; gullak:user Karan
    Expenses:Food:Snacks  68.00 INR
    Assets:Cash  -68.00 INR

2026/02/07 Chai Point
    ; gullak:id f7feae3d
    ; gullak:source whatsapp
    ; gullak:user Karan
    Expenses:Food:Snacks  64.00 INR
    Assets:Cash  -64.00 INR

2026/02/07 Third Wave Coffee
    ; gullak:id 7ac62755
    ; gullak:source web
    ; gullak:user Karan
    Expenses:Food:Coffee  221.00 INR
    Assets:Bank:HDFC:UPI  -221.00 INR

2026/02/07 Third Wave Coffee
    ; gullak:id c6346fba
    ; gullak:source web
    ; gullak:user Karan
    Expenses:Food:Coffee  277.00 INR
    Assets:Bank:HDFC:UPI  -277.00 INR

2026/02/08 Ola
    ; gullak:id 741f7eec
    ; gullak:source whatsapp
    ; gullak:user Karan
    Expenses:Transport:Rides  197.00 INR
    Assets:Bank:HDFC:UPI  -197.00 INR

2026/02/08 Namma Metro
    ; gullak:id 589a2c21
    ; gullak:source web
    ; gullak:user Karan
    Expenses:Transport:PublicTransit  55.00 INR
    Assets:Cash  -55.00 INR

2026/02/08 Rapido
    ; gullak:id 1be12d7b
    ; gullak:source web
    ; gullak:user Karan
    Expenses:Transport:Rides  152.00 INR
    Assets:Bank:HDFC:UPI  -152.00 INR

2026/02/09 Third Wave Coffee
    ; gullak:id db952f6d
    ; gullak:source web
    ; gullak:user Karan
    Expenses:Food:Coffee  363.00 INR
    Assets:Bank:HDFC:UPI  -363.00 INR

2026/02/09 Flipkart
    ; gullak:id 890473e0
    ; gullak:source web
    ; gullak:user Karan
    Expenses:Shopping:Online  1170.00 INR
    Liabilities:CreditCard:HDFC  -1170.00 INR

2026/02/10 Netflix
    ; gullak:id 54cb4335
    ; gullak:source web
    ; Standard plan
    Expenses:Entertainment:Streaming  649.00 INR
    Assets:Bank:HDFC  -649.00 INR

2026/02/10 Spotify
    ; gullak:id 685f5535
    ; gullak:source web
    Expenses:Entertainment:Music  119.00 INR
    Assets:Bank:HDFC  -119.00 INR

2026/02/10 Shell Petrol
    ; gullak:id f3fa051d
    ; gullak:source web
    ; gullak:user Karan
    Expenses:Transport:Fuel  2603.00 INR
    Liabilities:CreditCard:HDFC  -2603.00 INR

2026/02/10 Uber
    ; gullak:id 81fb7319
    ; gullak:source web
    ; gullak:user Karan
    Expenses:Transport:Rides  482.00 INR
    Assets:Bank:HDFC:UPI  -482.00 INR

2026/02/10 Zomato
    ; gullak:id ef20cfbd
    ; gullak:source web
    ; gullak:user Karan
    Expenses:Food:Delivery  548.00 INR
    Assets:Bank:HDFC:UPI  -548.00 INR

2026/02/10 Zomato
    ; gullak:id dda2ae91
    ; gullak:source whatsapp
    ; gullak:user Karan
    Expenses:Food:Delivery  435.00 INR
    Assets:Bank:HDFC:UPI  -435.00 INR

2026/02/10 Rapido
    ; gullak:id bf277250
    ; gullak:source web
    ; gullak:user Karan
    Expenses:Transport:Rides  85.00 INR
    Assets:Bank:HDFC:UPI  -85.00 INR

2026/02/11 Rapido
    ; gullak:id 8410f452
    ; gullak:source whatsapp
    ; gullak:user Karan
    Expenses:Transport:Rides  89.00 INR
    Assets:Bank:HDFC:UPI  -89.00 INR

2026/02/11 Namma Metro
    ; gullak:id c9a6bd63
    ; gullak:source web
    ; gullak:user Karan
    Expenses:Transport:PublicTransit  55.00 INR
    Assets:Cash  -55.00 INR

2026/02/12 Chai Point
    ; gullak:id 55b57c7b
    ; gullak:source web
    ; gullak:user Karan
    Expenses:Food:Snacks  59.00 INR
    Assets:Cash  -59.00 INR

2026/02/12 Uber
    ; gullak:id 899b3c9b
    ; gullak:source whatsapp
    ; gullak:user Karan
    Expenses:Transport:Rides  383.00 INR
    Assets:Bank:HDFC:UPI  -383.00 INR

2026/02/13 Ola
    ; gullak:id 0a0c6cd0
    ; gullak:source web
    ; gullak:user Karan
    Expenses:Transport:Rides  216.00 INR
    Assets:Bank:HDFC:UPI  -216.00 INR

2026/02/13 Truffles
    ; gullak:id c9154f43
    ; gullak:source web
    ; gullak:user Karan
    Expenses:Food:Restaurants  514.00 INR
    Liabilities:CreditCard:HDFC  -514.00 INR

2026/02/14 Third Wave Coffee
    ; gullak:id 83fa1d28
    ; gullak:source whatsapp
    ; gullak:user Karan
    Expenses:Food:Coffee  375.00 INR
    Assets:Bank:HDFC:UPI  -375.00 INR

2026/02/14 Swiggy
    ; gullak:id 0f2b2301
    ; gullak:source whatsapp
    ; gullak:user Karan
    Expenses:Food:Delivery  459.00 INR
    Assets:Bank:HDFC:UPI  -459.00 INR

2026/02/14 Ola
    ; gullak:id d4d9af79
    ; gullak:source web
    ; gullak:user Karan
    Expenses:Transport:Rides  400.00 INR
    Assets:Bank:HDFC:UPI  -400.00 INR

2026/02/14 Ola
    ; gullak:id 98018d6f
    ; gullak:source whatsapp
    ; gullak:user Karan
    Expenses:Transport:Rides  339.00 INR
    Assets:Bank:HDFC:UPI  -339.00 INR

2026/02/14 Toni & Guy
    ; gullak:id 663fb58b
    ; gullak:source web
    ; gullak:user Karan
    Expenses:PersonalCare:Grooming  656.00 INR
    Assets:Bank:HDFC:UPI  -656.00 INR

2026/02/15 BESCOM
    ; gullak:id 3e2f257a
    ; gullak:source whatsapp
    Expenses:Utilities:Electricity  1800.00 INR
    Assets:Bank:HDFC:UPI  -1800.00 INR

2026/02/15 Truffles
    ; gullak:id d8697915
    ; gullak:source web
    ; gullak:user Karan
    Expenses:Food:Restaurants  400.00 INR
    Liabilities:CreditCard:HDFC  -400.00 INR

2026/02/15 Rapido
    ; gullak:id 99a9371a
    ; gullak:source whatsapp
    ; gullak:user Karan
    Expenses:Transport:Rides  175.00 INR
    Assets:Bank:HDFC:UPI  -175.00 INR

2026/02/15 Truffles
    ; gullak:id e03b260b
    ; gullak:source web
    ; gullak:user Karan
    Expenses:Food:Restaurants  514.00 INR
    Liabilities:CreditCard:HDFC  -514.00 INR

2026/02/16 Third Wave Coffee
    ; gullak:id 8b0d8547
    ; gullak:source web
    ; gullak:user Karan
    Expenses:Food:Coffee  367.00 INR
    Assets:Bank:HDFC:UPI  -367.00 INR

2026/02/16 Third Wave Coffee
    ; gullak:id f848b530
    ; gullak:source whatsapp
    ; gullak:user Karan
    Expenses:Food:Coffee  388.00 INR
    Assets:Bank:HDFC:UPI  -388.00 INR

2026/02/16 Meghana Foods
    ; gullak:id 9a50936c
    ; gullak:source whatsapp
    ; gullak:user Karan
    Expenses:Food:Restaurants  800.00 INR
    Assets:Bank:HDFC:UPI  -800.00 INR

2026/02/16 Swiggy
    ; gullak:id 8bf3dde3
    ; gullak:source web
    ; gullak:user Karan
    Expenses:Food:Delivery  265.00 INR
    Assets:Bank:HDFC:UPI  -265.00 INR

2026/02/17 Third Wave Coffee
    ; gullak:id 252fbcab
    ; gullak:source whatsapp
    ; gullak:user Karan
    Expenses:Food:Coffee  234.00 INR
    Assets:Bank:HDFC:UPI  -234.00 INR

2026/02/17 Namma Metro
    ; gullak:id 2191ca1a
    ; gullak:source web
    ; gullak:user Karan
    Expenses:Transport:PublicTransit  52.00 INR
    Assets:Cash  -52.00 INR

2026/02/17 Chai Point
    ; gullak:id ed9c0deb
    ; gullak:source web
    ; gullak:user Karan
    Expenses:Food:Snacks  55.00 INR
    Assets:Cash  -55.00 INR

2026/02/18 Amazon
    ; gullak:id d480a25e
    ; gullak:source whatsapp
    ; gullak:user Karan
    Expenses:Shopping:Online  2385.00 INR
    Liabilities:CreditCard:HDFC  -2385.00 INR

2026/02/18 BigBasket
    ; gullak:id 443907a1
    ; gullak:source whatsapp
    ; gullak:user Karan
    Expenses:Food:Groceries  514.00 INR
    Assets:Bank:HDFC:UPI  -514.00 INR

2026/02/18 Third Wave Coffee
    ; gullak:id e4c6c31b
    ; gullak:source whatsapp
    ; gullak:user Karan
    Expenses:Food:Coffee  361.00 INR
    Assets:Bank:HDFC:UPI  -361.00 INR

2026/02/18 Swiggy
    ; gullak:id 63832882
    ; gullak:source whatsapp
    ; gullak:user Karan
    Expenses:Food:Delivery  317.00 INR
    Assets:Bank:HDFC:UPI  -317.00 INR

2026/02/18 Swiggy
    ; gullak:id e76caa85
    ; gullak:source web
    ; gullak:user Karan
    Expenses:Food:Delivery  216.00 INR
    Assets:Bank:HDFC:UPI  -216.00 INR

2026/02/19 Zepto
    ; gullak:id 86fc26f6
    ; gullak:source whatsapp
    ; gullak:user Karan
    Expenses:Food:Groceries  697.00 INR
    Assets:Bank:HDFC:UPI  -697.00 INR

2026/02/19 Chai Point
    ; gullak:id 3401b415
    ; gullak:source whatsapp
    ; gullak:user Karan
    Expenses:Food:Snacks  64.00 INR
    Assets:Cash  -64.00 INR

2026/02/20 HDFC Life Insurance
    ; gullak:id 86d19aeb
    ; gullak:source web
    Expenses:Insurance  2500.00 INR
    Assets:Bank:HDFC  -2500.00 INR

2026/02/20 Third Wave Coffee
    ; gullak:id effa287b
    ; gullak:source web
    ; gullak:user Karan
    Expenses:Food:Coffee  270.00 INR
    Assets:Bank:HDFC:UPI  -270.00 INR

2026/02/20 Zepto
    ; gullak:id 056f3b80
    ; gullak:source web
    ; gullak:user Karan
    Expenses:Food:Groceries  620.00 INR
    Assets:Bank:HDFC:UPI  -620.00 INR

2026/02/20 Chai Point
    ; gullak:id ea82892c
    ; gullak:source whatsapp
    ; gullak:user Karan
    Expenses:Food:Snacks  76.00 INR
    Assets:Cash  -76.00 INR

2026/02/20 Zomato
    ; gullak:id 47aef1fb
    ; gullak:source whatsapp
    ; gullak:user Karan
    Expenses:Food:Delivery  594.00 INR
    Assets:Bank:HDFC:UPI  -594.00 INR

2026/02/20 Uber
    ; gullak:id 55c3225b
    ; gullak:source web
    ; gullak:user Karan
    Expenses:Transport:Rides  131.00 INR
    Assets:Bank:HDFC:UPI  -131.00 INR

2026/02/21 Namma Metro
    ; gullak:id 30d18db2
    ; gullak:source web
    ; gullak:user Karan
    Expenses:Transport:PublicTransit  34.00 INR
    Assets:Cash  -34.00 INR

2026/02/21 Zomato
    ; gullak:id d059dbd7
    ; gullak:source web
    ; gullak:user Karan
    Expenses:Food:Delivery  343.00 INR
    Assets:Bank:HDFC:UPI  -343.00 INR

2026/02/21 Third Wave Coffee
    ; gullak:id 2be37322
    ; gullak:source whatsapp
    ; gullak:user Karan
    Expenses:Food:Coffee  298.00 INR
    Assets:Bank:HDFC:UPI  -298.00 INR

2026/02/21 Truffles
    ; gullak:id ae3254ed
    ; gullak:source web
    ; gullak:user Karan
    Expenses:Food:Restaurants  477.00 INR
    Liabilities:CreditCard:HDFC  -477.00 INR

2026/02/22 Swiggy
    ; gullak:id ae95b5e0
    ; gullak:source whatsapp
    ; gullak:user Karan
    Expenses:Food:Delivery  207.00 INR
    Assets:Bank:HDFC:UPI  -207.00 INR

2026/02/22 ATM Withdrawal
    ; gullak:id de3bcca7
    ; gullak:source whatsapp
    ; gullak:user Karan
    Expenses:Cash  2968.00 INR
    Assets:Bank:HDFC  -2968.00 INR

2026/02/23 Zepto
    ; gullak:id 8c381c4e
    ; gullak:source web
    ; gullak:user Karan
    Expenses:Food:Groceries  599.00 INR
    Assets:Bank:HDFC:UPI  -599.00 INR

2026/02/23 Third Wave Coffee
    ; gullak:id 3797d837
    ; gullak:source web
    ; gullak:user Karan
    Expenses:Food:Coffee  380.00 INR
    Assets:Bank:HDFC:UPI  -380.00 INR

2026/02/23 Chai Point
    ; gullak:id 6eb9e0fd
    ; gullak:source web
    ; gullak:user Karan
    Expenses:Food:Snacks  48.00 INR
    Assets:Cash  -48.00 INR

2026/02/23 Swiggy
    ; gullak:id b3a63f60
    ; gullak:source web
    ; gullak:user Karan
    Expenses:Food:Delivery  556.00 INR
    Assets:Bank:HDFC:UPI  -556.00 INR

2026/02/23 Chai Point
    ; gullak:id e5163263
    ; gullak:source whatsapp
    ; gullak:user Karan
    Expenses:Food:Snacks  39.00 INR
    Assets:Cash  -39.00 INR

2026/02/24 Third Wave Coffee
    ; gullak:id e6ef2659
    ; gullak:source whatsapp
    ; gullak:user Karan
    Expenses:Food:Coffee  260.00 INR
    Assets:Bank:HDFC:UPI  -260.00 INR

2026/02/24 Swiggy
    ; gullak:id 494b6961
    ; gullak:source web
    ; gullak:user Karan
    Expenses:Food:Delivery  225.00 INR
    Assets:Bank:HDFC:UPI  -225.00 INR

2026/02/24 Ola
    ; gullak:id 144f0682
    ; gullak:source whatsapp
    ; gullak:user Karan
    Expenses:Transport:Rides  337.00 INR
    Assets:Bank:HDFC:UPI  -337.00 INR

2026/02/24 Swiggy
    ; gullak:id 6527e942
    ; gullak:source whatsapp
    ; gullak:user Karan
    Expenses:Food:Delivery  229.00 INR
    Assets:Bank:HDFC:UPI  -229.00 INR

2026/02/25 Swiggy
    ; gullak:id 88395404
    ; gullak:source whatsapp
    ; gullak:user Karan
    Expenses:Food:Delivery  406.00 INR
    Assets:Bank:HDFC:UPI  -406.00 INR

2026/02/25 Swiggy
    ; gullak:id b80fbbc6
    ; gullak:source whatsapp
    ; gullak:user Karan
    Expenses:Food:Delivery  491.00 INR
    Assets:Bank:HDFC:UPI  -491.00 INR

2026/02/25 Namma Metro
    ; gullak:id a5c2d447
    ; gullak:source whatsapp
    ; gullak:user Karan
    Expenses:Transport:PublicTransit  48.00 INR
    Assets:Cash  -48.00 INR

2026/02/26 Chai Point
    ; gullak:id ddef7876
    ; gullak:source web
    ; gullak:user Karan
    Expenses:Food:Snacks  63.00 INR
    Assets:Cash  -63.00 INR

2026/02/26 Vidyarthi Bhavan
    ; gullak:id 9b9f33f4
    ; gullak:source web
    ; gullak:user Karan
    Expenses:Food:Restaurants  389.00 INR
    Assets:Cash  -389.00 INR

2026/02/27 Uber
    ; gullak:id 3f97b0c5
    ; gullak:source web
    ; gullak:user Karan
    Expenses:Transport:Rides  167.00 INR
    Assets:Bank:HDFC:UPI  -167.00 INR

2026/02/27 Chai Point
    ; gullak:id 172dabba
    ; gullak:source web
    ; gullak:user Karan
    Expenses:Food:Snacks  59.00 INR
    Assets:Cash  -59.00 INR

2026/02/27 Third Wave Coffee
    ; gullak:id 0c77f54b
    ; gullak:source whatsapp
    ; gullak:user Karan
    Expenses:Food:Coffee  372.00 INR
    Assets:Bank:HDFC:UPI  -372.00 INR

2026/02/28 BigBasket
    ; gullak:id ec0e5f41
    ; gullak:source whatsapp
    ; gullak:user Karan
    Expenses:Food:Groceries  704.00 INR
    Assets:Bank:HDFC:UPI  -704.00 INR

2026/02/28 ATM Withdrawal
    ; gullak:id bcc18328
    ; gullak:source whatsapp
    ; gullak:user Karan
    Expenses:Cash  4202.00 INR
    Assets:Bank:HDFC  -4202.00 INR

2026/03/01 Zomato
    ; gullak:id 97ba8e37
    ; gullak:source whatsapp
    ; gullak:user Karan
    Expenses:Food:Delivery  395.00 INR
    Assets:Bank:HDFC:UPI  -395.00 INR

2026/03/01 Chai Point
    ; gullak:id 72bc4486
    ; gullak:source web
    ; gullak:user Karan
    Expenses:Food:Snacks  58.00 INR
    Assets:Cash  -58.00 INR

2026/03/01 Swiggy
    ; gullak:id 1a0c05bf
    ; gullak:source whatsapp
    ; gullak:user Karan
    Expenses:Food:Delivery  513.00 INR
    Assets:Bank:HDFC:UPI  -513.00 INR

2026/03/01 Third Wave Coffee
    ; gullak:id 5b3e55af
    ; gullak:source web
    ; gullak:user Karan
    Expenses:Food:Coffee  350.00 INR
    Assets:Bank:HDFC:UPI  -350.00 INR

2026/03/02 Flipkart
    ; gullak:id ca416c79
    ; gullak:source whatsapp
    ; gullak:user Karan
    Expenses:Shopping:Online  772.00 INR
    Liabilities:CreditCard:HDFC  -772.00 INR

2026/03/02 Zomato
    ; gullak:id cc51c423
    ; gullak:source whatsapp
    ; gullak:user Karan
    Expenses:Food:Delivery  630.00 INR
    Assets:Bank:HDFC:UPI  -630.00 INR

2026/03/03 Chai Point
    ; gullak:id 0a1b3855
    ; gullak:source web
    ; gullak:user Karan
    Expenses:Food:Snacks  46.00 INR
    Assets:Cash  -46.00 INR

2026/03/03 Third Wave Coffee
    ; gullak:id 85be4fa7
    ; gullak:source whatsapp
    ; gullak:user Karan
    Expenses:Food:Coffee  244.00 INR
    Assets:Bank:HDFC:UPI  -244.00 INR

2026/03/03 Chai Point
    ; gullak:id db612194
    ; gullak:source web
    ; gullak:user Karan
    Expenses:Food:Snacks  35.00 INR
    Assets:Cash  -35.00 INR

2026/03/03 Ola
    ; gullak:id 2f660196
    ; gullak:source whatsapp
    ; gullak:user Karan
    Expenses:Transport:Rides  221.00 INR
    Assets:Bank:HDFC:UPI  -221.00 INR

2026/03/04 Chai Point
    ; gullak:id 1c0c29e7
    ; gullak:source whatsapp
    ; gullak:user Karan
    Expenses:Food:Snacks  46.00 INR
    Assets:Cash  -46.00 INR

2026/03/04 Zomato
    ; gullak:id b585f91c
    ; gullak:source web
    ; gullak:user Karan
    Expenses:Food:Delivery  629.00 INR
    Assets:Bank:HDFC:UPI  -629.00 INR

2026/03/05 Meghana Foods
    ; gullak:id 14d746f6
    ; gullak:source web
    ; gullak:user Karan
    Expenses:Food:Restaurants  318.00 INR
    Assets:Bank:HDFC:UPI  -318.00 INR

2026/03/05 Zomato
    ; gullak:id 225ff936
    ; gullak:source whatsapp
    ; gullak:user Karan
    Expenses:Food:Delivery  548.00 INR
    Assets:Bank:HDFC:UPI  -548.00 INR

2026/03/05 Flipkart
    ; gullak:id 309db316
    ; gullak:source whatsapp
    ; gullak:user Karan
    Expenses:Shopping:Online  2060.00 INR
    Liabilities:CreditCard:HDFC  -2060.00 INR

2026/03/05 Ola
    ; gullak:id 3977d2bc
    ; gullak:source web
    ; gullak:user Karan
    Expenses:Transport:Rides  101.00 INR
    Assets:Bank:HDFC:UPI  -101.00 INR

2026/03/05 Third Wave Coffee
    ; gullak:id 17e07ff5
    ; gullak:source whatsapp
    ; gullak:user Karan
    Expenses:Food:Coffee  273.00 INR
    Assets:Bank:HDFC:UPI  -273.00 INR

2026/03/06 Third Wave Coffee
    ; gullak:id 714e6509
    ; gullak:source whatsapp
    ; gullak:user Karan
    Expenses:Food:Coffee  284.00 INR
    Assets:Bank:HDFC:UPI  -284.00 INR

2026/03/06 Third Wave Coffee
    ; gullak:id 1ee3797c
    ; gullak:source whatsapp
    ; gullak:user Karan
    Expenses:Food:Coffee  240.00 INR
    Assets:Bank:HDFC:UPI  -240.00 INR

2026/03/06 Zomato
    ; gullak:id 022bd10d
    ; gullak:source whatsapp
    ; gullak:user Karan
    Expenses:Food:Delivery  659.00 INR
    Assets:Bank:HDFC:UPI  -659.00 INR

2026/03/06 Rapido
    ; gullak:id 325a7bec
    ; gullak:source whatsapp
    ; gullak:user Karan
    Expenses:Transport:Rides  155.00 INR
    Assets:Bank:HDFC:UPI  -155.00 INR

2026/03/07 Ola
    ; gullak:id 572eab96
    ; gullak:source web
    ; gullak:user Karan
    Expenses:Transport:Rides  207.00 INR
    Assets:Bank:HDFC:UPI  -207.00 INR

2026/03/07 Chai Point
    ; gullak:id 7167c5a9
    ; gullak:source whatsapp
    ; gullak:user Karan
    Expenses:Food:Snacks  40.00 INR
    Assets:Cash  -40.00 INR

2026/03/07 Flipkart
    ; gullak:id 6bd6e222
    ; gullak:source whatsapp
    ; gullak:user Karan
    Expenses:Shopping:Online  1866.00 INR
    Liabilities:CreditCard:HDFC  -1866.00 INR
